@book{kline,
  title={古今数学思想: 第二册},
  author={克莱因},
  year={2014},
  publisher={上海科学技术出版社}
}

@article{shanggao,
  title={商高, 赵爽与刘徽关于勾股定理的证明 [J]},
  author={曲安京},
  journal={数学传播},
  number={3},
  pages={20--27},
  year={1996}
}

@article{shiye,
  title={几 何 的 有 名 定 理 IM]. 陈 永 明 译},
  author={矢野 and 健太郎},
  journal={上 海: 上海 科 学 技 术 出 版 社},
  volume={8},
  year={1986}
}